<?xml version="1.0" encoding="UTF-8"?><collection xmlns="http://www.loc.gov/MARC21/slim"><record><leader>00424nam--2200145-i-4500</leader><controlfield tag="001">000003014</controlfield><controlfield tag="002">20161230</controlfield><controlfield tag="005">20170304135626</controlfield><controlfield tag="008">060222s1000------------r-----000-0-eng-d</controlfield><datafield ind1=" " ind2=" " tag="100"><subfield code="a">Crespin, Roger</subfield></datafield><datafield ind1=" " ind2=" " tag="245"><subfield code="a">L electronique au travail. I. Etude des applications de l electronique au l industrie</subfield></datafield><datafield ind1=" " ind2=" " tag="260"><subfield code="a">Paris</subfield><subfield code="b">Ed.Crespin</subfield><subfield code="c">[1955]</subfield></datafield><datafield ind1=" " ind2=" " tag="300"><subfield code="a">251 p.+ Fig</subfield></datafield><datafield ind1=" " ind2=" " tag="490"><subfield code="a">Memento Crespin 5</subfield></datafield><datafield ind1=" " ind2=" " tag="CAT"><subfield code="a">SYS</subfield><subfield code="c">20170304</subfield><subfield code="h">135626</subfield></datafield></record></collection>